%YAML 1.1
%TAG !u! tag:unity3d.com,2011:
--- !u!1 &4574596250106501273
GameObject:
  m_ObjectHideFlags: 0
  m_CorrespondingSourceObject: {fileID: 0}
  m_PrefabInstance: {fileID: 0}
  m_PrefabAsset: {fileID: 0}
  serializedVersion: 6
  m_Component:
  - component: {fileID: 8103007632520822305}
  - component: {fileID: 8375454104027804194}
  - component: {fileID: 6103000151438043849}
  m_Layer: 0
  m_Name: Level 2
  m_TagString: Untagged
  m_Icon: {fileID: 0}
  m_NavMeshLayer: 0
  m_StaticEditorFlags: 0
  m_IsActive: 1
--- !u!4 &8103007632520822305
Transform:
  m_ObjectHideFlags: 0
  m_CorrespondingSourceObject: {fileID: 0}
  m_PrefabInstance: {fileID: 0}
  m_PrefabAsset: {fileID: 0}
  m_GameObject: {fileID: 4574596250106501273}
  m_LocalRotation: {x: 0, y: 0, z: 0, w: 1}
  m_LocalPosition: {x: -0.02, y: -29.97, z: -32.339844}
  m_LocalScale: {x: 1.025, y: 1, z: 1}
  m_Children:
  - {fileID: 2765332100353365368}
  - {fileID: 6571530301510308748}
  - {fileID: 2056577966197319130}
  - {fileID: 3402576060923323494}
  m_Father: {fileID: 0}
  m_RootOrder: 0
  m_LocalEulerAnglesHint: {x: 0, y: 0, z: 0}
--- !u!61 &8375454104027804194
BoxCollider2D:
  m_ObjectHideFlags: 0
  m_CorrespondingSourceObject: {fileID: 0}
  m_PrefabInstance: {fileID: 0}
  m_PrefabAsset: {fileID: 0}
  m_GameObject: {fileID: 4574596250106501273}
  m_Enabled: 1
  m_Density: 1
  m_Material: {fileID: 0}
  m_IsTrigger: 1
  m_UsedByEffector: 0
  m_UsedByComposite: 0
  m_Offset: {x: -0.082362175, y: 1.8070393}
  m_SpriteTilingProperty:
    border: {x: 0, y: 0, z: 0, w: 0}
    pivot: {x: 0, y: 0}
    oldSize: {x: 0, y: 0}
    newSize: {x: 0, y: 0}
    adaptiveTilingThreshold: 0
    drawMode: 0
    adaptiveTiling: 0
  m_AutoTiling: 0
  serializedVersion: 2
  m_Size: {x: 16.091558, y: 6.9813805}
  m_EdgeRadius: 0
--- !u!114 &6103000151438043849
MonoBehaviour:
  m_ObjectHideFlags: 0
  m_CorrespondingSourceObject: {fileID: 0}
  m_PrefabInstance: {fileID: 0}
  m_PrefabAsset: {fileID: 0}
  m_GameObject: {fileID: 4574596250106501273}
  m_Enabled: 1
  m_EditorHideFlags: 0
  m_Script: {fileID: 11500000, guid: 89739153bf5691a43bb2346a200080a0, type: 3}
  m_Name: 
  m_EditorClassIdentifier: 
  platformDestructionPoint: {fileID: 4574596250106501273}
--- !u!1001 &1634485855715392752
PrefabInstance:
  m_ObjectHideFlags: 0
  serializedVersion: 2
  m_Modification:
    m_TransformParent: {fileID: 8103007632520822305}
    m_Modifications:
    - target: {fileID: 4149711774993995926, guid: eecf41585aec10a479207b9e5e4283c5,
        type: 3}
      propertyPath: m_LocalPosition.x
      value: -0.17000008
      objectReference: {fileID: 0}
    - target: {fileID: 4149711774993995926, guid: eecf41585aec10a479207b9e5e4283c5,
        type: 3}
      propertyPath: m_LocalPosition.y
      value: 16.72
      objectReference: {fileID: 0}
    - target: {fileID: 4149711774993995926, guid: eecf41585aec10a479207b9e5e4283c5,
        type: 3}
      propertyPath: m_LocalPosition.z
      value: 32.30664
      objectReference: {fileID: 0}
    - target: {fileID: 4149711774993995926, guid: eecf41585aec10a479207b9e5e4283c5,
        type: 3}
      propertyPath: m_LocalRotation.x
      value: -0
      objectReference: {fileID: 0}
    - target: {fileID: 4149711774993995926, guid: eecf41585aec10a479207b9e5e4283c5,
        type: 3}
      propertyPath: m_LocalRotation.y
      value: -0
      objectReference: {fileID: 0}
    - target: {fileID: 4149711774993995926, guid: eecf41585aec10a479207b9e5e4283c5,
        type: 3}
      propertyPath: m_LocalRotation.z
      value: -0
      objectReference: {fileID: 0}
    - target: {fileID: 4149711774993995926, guid: eecf41585aec10a479207b9e5e4283c5,
        type: 3}
      propertyPath: m_LocalRotation.w
      value: 1
      objectReference: {fileID: 0}
    - target: {fileID: 4149711774993995926, guid: eecf41585aec10a479207b9e5e4283c5,
        type: 3}
      propertyPath: m_RootOrder
      value: 3
      objectReference: {fileID: 0}
    - target: {fileID: 4149711774993995926, guid: eecf41585aec10a479207b9e5e4283c5,
        type: 3}
      propertyPath: m_LocalEulerAnglesHint.x
      value: 0
      objectReference: {fileID: 0}
    - target: {fileID: 4149711774993995926, guid: eecf41585aec10a479207b9e5e4283c5,
        type: 3}
      propertyPath: m_LocalEulerAnglesHint.y
      value: 0
      objectReference: {fileID: 0}
    - target: {fileID: 4149711774993995926, guid: eecf41585aec10a479207b9e5e4283c5,
        type: 3}
      propertyPath: m_LocalEulerAnglesHint.z
      value: 0
      objectReference: {fileID: 0}
    - target: {fileID: 3964065308634622754, guid: eecf41585aec10a479207b9e5e4283c5,
        type: 3}
      propertyPath: m_Name
      value: ItemSpawner
      objectReference: {fileID: 0}
    m_RemovedComponents: []
  m_SourcePrefab: {fileID: 100100000, guid: eecf41585aec10a479207b9e5e4283c5, type: 3}
--- !u!4 &3402576060923323494 stripped
Transform:
  m_CorrespondingSourceObject: {fileID: 4149711774993995926, guid: eecf41585aec10a479207b9e5e4283c5,
    type: 3}
  m_PrefabInstance: {fileID: 1634485855715392752}
  m_PrefabAsset: {fileID: 0}
--- !u!1001 &1749707214075272687
PrefabInstance:
  m_ObjectHideFlags: 0
  serializedVersion: 2
  m_Modification:
    m_TransformParent: {fileID: 8103007632520822305}
    m_Modifications:
    - target: {fileID: 342937347130865717, guid: 08df9875580c7e4418cfa6c1bbb191fd,
        type: 3}
      propertyPath: m_LocalPosition.x
      value: -0.15153265
      objectReference: {fileID: 0}
    - target: {fileID: 342937347130865717, guid: 08df9875580c7e4418cfa6c1bbb191fd,
        type: 3}
      propertyPath: m_LocalPosition.y
      value: 5.09
      objectReference: {fileID: 0}
    - target: {fileID: 342937347130865717, guid: 08df9875580c7e4418cfa6c1bbb191fd,
        type: 3}
      propertyPath: m_LocalPosition.z
      value: 42.339844
      objectReference: {fileID: 0}
    - target: {fileID: 342937347130865717, guid: 08df9875580c7e4418cfa6c1bbb191fd,
        type: 3}
      propertyPath: m_LocalRotation.x
      value: -0
      objectReference: {fileID: 0}
    - target: {fileID: 342937347130865717, guid: 08df9875580c7e4418cfa6c1bbb191fd,
        type: 3}
      propertyPath: m_LocalRotation.y
      value: -0
      objectReference: {fileID: 0}
    - target: {fileID: 342937347130865717, guid: 08df9875580c7e4418cfa6c1bbb191fd,
        type: 3}
      propertyPath: m_LocalRotation.z
      value: -0
      objectReference: {fileID: 0}
    - target: {fileID: 342937347130865717, guid: 08df9875580c7e4418cfa6c1bbb191fd,
        type: 3}
      propertyPath: m_LocalRotation.w
      value: 1
      objectReference: {fileID: 0}
    - target: {fileID: 342937347130865717, guid: 08df9875580c7e4418cfa6c1bbb191fd,
        type: 3}
      propertyPath: m_RootOrder
      value: 2
      objectReference: {fileID: 0}
    - target: {fileID: 342937347130865717, guid: 08df9875580c7e4418cfa6c1bbb191fd,
        type: 3}
      propertyPath: m_LocalEulerAnglesHint.x
      value: 0
      objectReference: {fileID: 0}
    - target: {fileID: 342937347130865717, guid: 08df9875580c7e4418cfa6c1bbb191fd,
        type: 3}
      propertyPath: m_LocalEulerAnglesHint.y
      value: 0
      objectReference: {fileID: 0}
    - target: {fileID: 342937347130865717, guid: 08df9875580c7e4418cfa6c1bbb191fd,
        type: 3}
      propertyPath: m_LocalEulerAnglesHint.z
      value: 0
      objectReference: {fileID: 0}
    - target: {fileID: 342937347130865712, guid: 08df9875580c7e4418cfa6c1bbb191fd,
        type: 3}
      propertyPath: m_Name
      value: Platform 3x1 (2)
      objectReference: {fileID: 0}
    m_RemovedComponents: []
  m_SourcePrefab: {fileID: 100100000, guid: 08df9875580c7e4418cfa6c1bbb191fd, type: 3}
--- !u!4 &2056577966197319130 stripped
Transform:
  m_CorrespondingSourceObject: {fileID: 342937347130865717, guid: 08df9875580c7e4418cfa6c1bbb191fd,
    type: 3}
  m_PrefabInstance: {fileID: 1749707214075272687}
  m_PrefabAsset: {fileID: 0}
--- !u!1001 &2495615793786465613
PrefabInstance:
  m_ObjectHideFlags: 0
  serializedVersion: 2
  m_Modification:
    m_TransformParent: {fileID: 8103007632520822305}
    m_Modifications:
    - target: {fileID: 342937347130865717, guid: 08df9875580c7e4418cfa6c1bbb191fd,
        type: 3}
      propertyPath: m_LocalPosition.x
      value: -5.34
      objectReference: {fileID: 0}
    - target: {fileID: 342937347130865717, guid: 08df9875580c7e4418cfa6c1bbb191fd,
        type: 3}
      propertyPath: m_LocalPosition.y
      value: 0
      objectReference: {fileID: 0}
    - target: {fileID: 342937347130865717, guid: 08df9875580c7e4418cfa6c1bbb191fd,
        type: 3}
      propertyPath: m_LocalPosition.z
      value: 0
      objectReference: {fileID: 0}
    - target: {fileID: 342937347130865717, guid: 08df9875580c7e4418cfa6c1bbb191fd,
        type: 3}
      propertyPath: m_LocalRotation.x
      value: -0
      objectReference: {fileID: 0}
    - target: {fileID: 342937347130865717, guid: 08df9875580c7e4418cfa6c1bbb191fd,
        type: 3}
      propertyPath: m_LocalRotation.y
      value: -0
      objectReference: {fileID: 0}
    - target: {fileID: 342937347130865717, guid: 08df9875580c7e4418cfa6c1bbb191fd,
        type: 3}
      propertyPath: m_LocalRotation.z
      value: -0
      objectReference: {fileID: 0}
    - target: {fileID: 342937347130865717, guid: 08df9875580c7e4418cfa6c1bbb191fd,
        type: 3}
      propertyPath: m_LocalRotation.w
      value: 1
      objectReference: {fileID: 0}
    - target: {fileID: 342937347130865717, guid: 08df9875580c7e4418cfa6c1bbb191fd,
        type: 3}
      propertyPath: m_RootOrder
      value: 0
      objectReference: {fileID: 0}
    - target: {fileID: 342937347130865717, guid: 08df9875580c7e4418cfa6c1bbb191fd,
        type: 3}
      propertyPath: m_LocalEulerAnglesHint.x
      value: 0
      objectReference: {fileID: 0}
    - target: {fileID: 342937347130865717, guid: 08df9875580c7e4418cfa6c1bbb191fd,
        type: 3}
      propertyPath: m_LocalEulerAnglesHint.y
      value: 0
      objectReference: {fileID: 0}
    - target: {fileID: 342937347130865717, guid: 08df9875580c7e4418cfa6c1bbb191fd,
        type: 3}
      propertyPath: m_LocalEulerAnglesHint.z
      value: 0
      objectReference: {fileID: 0}
    - target: {fileID: 342937347130865712, guid: 08df9875580c7e4418cfa6c1bbb191fd,
        type: 3}
      propertyPath: m_Name
      value: 'Platform 3x1 '
      objectReference: {fileID: 0}
    m_RemovedComponents: []
  m_SourcePrefab: {fileID: 100100000, guid: 08df9875580c7e4418cfa6c1bbb191fd, type: 3}
--- !u!4 &2765332100353365368 stripped
Transform:
  m_CorrespondingSourceObject: {fileID: 342937347130865717, guid: 08df9875580c7e4418cfa6c1bbb191fd,
    type: 3}
  m_PrefabInstance: {fileID: 2495615793786465613}
  m_PrefabAsset: {fileID: 0}
--- !u!1001 &6913192891604003769
PrefabInstance:
  m_ObjectHideFlags: 0
  serializedVersion: 2
  m_Modification:
    m_TransformParent: {fileID: 8103007632520822305}
    m_Modifications:
    - target: {fileID: 342937347130865717, guid: 08df9875580c7e4418cfa6c1bbb191fd,
        type: 3}
      propertyPath: m_LocalPosition.x
      value: 4.66
      objectReference: {fileID: 0}
    - target: {fileID: 342937347130865717, guid: 08df9875580c7e4418cfa6c1bbb191fd,
        type: 3}
      propertyPath: m_LocalPosition.y
      value: 0
      objectReference: {fileID: 0}
    - target: {fileID: 342937347130865717, guid: 08df9875580c7e4418cfa6c1bbb191fd,
        type: 3}
      propertyPath: m_LocalPosition.z
      value: 0
      objectReference: {fileID: 0}
    - target: {fileID: 342937347130865717, guid: 08df9875580c7e4418cfa6c1bbb191fd,
        type: 3}
      propertyPath: m_LocalRotation.x
      value: -0
      objectReference: {fileID: 0}
    - target: {fileID: 342937347130865717, guid: 08df9875580c7e4418cfa6c1bbb191fd,
        type: 3}
      propertyPath: m_LocalRotation.y
      value: -0
      objectReference: {fileID: 0}
    - target: {fileID: 342937347130865717, guid: 08df9875580c7e4418cfa6c1bbb191fd,
        type: 3}
      propertyPath: m_LocalRotation.z
      value: -0
      objectReference: {fileID: 0}
    - target: {fileID: 342937347130865717, guid: 08df9875580c7e4418cfa6c1bbb191fd,
        type: 3}
      propertyPath: m_LocalRotation.w
      value: 1
      objectReference: {fileID: 0}
    - target: {fileID: 342937347130865717, guid: 08df9875580c7e4418cfa6c1bbb191fd,
        type: 3}
      propertyPath: m_RootOrder
      value: 1
      objectReference: {fileID: 0}
    - target: {fileID: 342937347130865717, guid: 08df9875580c7e4418cfa6c1bbb191fd,
        type: 3}
      propertyPath: m_LocalEulerAnglesHint.x
      value: 0
      objectReference: {fileID: 0}
    - target: {fileID: 342937347130865717, guid: 08df9875580c7e4418cfa6c1bbb191fd,
        type: 3}
      propertyPath: m_LocalEulerAnglesHint.y
      value: 0
      objectReference: {fileID: 0}
    - target: {fileID: 342937347130865717, guid: 08df9875580c7e4418cfa6c1bbb191fd,
        type: 3}
      propertyPath: m_LocalEulerAnglesHint.z
      value: 0
      objectReference: {fileID: 0}
    - target: {fileID: 342937347130865712, guid: 08df9875580c7e4418cfa6c1bbb191fd,
        type: 3}
      propertyPath: m_Name
      value: Platform 3x1 (1)
      objectReference: {fileID: 0}
    m_RemovedComponents: []
  m_SourcePrefab: {fileID: 100100000, guid: 08df9875580c7e4418cfa6c1bbb191fd, type: 3}
--- !u!4 &6571530301510308748 stripped
Transform:
  m_CorrespondingSourceObject: {fileID: 342937347130865717, guid: 08df9875580c7e4418cfa6c1bbb191fd,
    type: 3}
  m_PrefabInstance: {fileID: 6913192891604003769}
  m_PrefabAsset: {fileID: 0}
